@inproceedings{Shi2015ConvolutionalLN,
  title={Convolutional LSTM Network: A Machine Learning Approach for Precipitation Nowcasting},
  author={Xingjian Shi and Zhourong Chen and Hao Wang and D. Y. Yeung and Wai-Kin Wong and Wang-chun Woo},
  booktitle={NIPS},
  year={2015}
}

@article{Finn2016UnsupervisedLF,
  title={Unsupervised Learning for Physical Interaction through Video Prediction},
  author={Chelsea Finn and Ian J. Goodfellow and Sergey Levine},
  journal={ArXiv},
  year={2016},
  volume={abs/1605.07157}
}

@article{Lotter2016DeepPC,
  title={Deep Predictive Coding Networks for Video Prediction and Unsupervised Learning},
  author={William Lotter and Gabriel Kreiman and David D. Cox},
  journal={ArXiv},
  year={2016},
  volume={abs/1605.08104}
}

@article{Xu2016EndtoEndLO,
  title={End-to-End Learning of Driving Models from Large-Scale Video Datasets},
  author={Huazhe Xu and Yang Gao and Fisher Yu and Trevor Darrell},
  journal={2017 IEEE Conference on Computer Vision and Pattern Recognition (CVPR)},
  year={2016},
  pages={3530-3538}
}

@article{Ballas2015DelvingDI,
  title={Delving Deeper into Convolutional Networks for Learning Video Representations},
  author={Nicolas Ballas and L. Yao and Christopher Joseph Pal and Aaron C. Courville},
  journal={CoRR},
  year={2015},
  volume={abs/1511.06432}
}

@article{Jing2019SelfSupervisedVF,
  title={Self-Supervised Visual Feature Learning With Deep Neural Networks: A Survey},
  author={Longlong Jing and Yingli Tian},
  journal={IEEE Transactions on Pattern Analysis and Machine Intelligence},
  year={2019},
  volume={43},
  pages={4037-4058}
}

@article{Ye2022VPTRET,
  title={VPTR: Efficient Transformers for Video Prediction},
  author={Xiutiao Ye and Guillaume-Alexandre Bilodeau},
  journal={2022 26th International Conference on Pattern Recognition (ICPR)},
  year={2022},
  pages={3492-3499}
}

@article{Lee2021VideoPR,
  title={Video Prediction Recalling Long-term Motion Context via Memory Alignment Learning},
  author={Sangmin Lee and Hak Gu Kim and Dae Hwi Choi and Hyungil Kim and Yong Man Ro},
  journal={2021 IEEE/CVF Conference on Computer Vision and Pattern Recognition (CVPR)},
  year={2021},
  pages={3053-3062}
}

@inproceedings{Chang2021MAUAM,
  title={MAU: A Motion-Aware Unit for Video Prediction and Beyond},
  author={Zheng Chang},
  booktitle={Neural Information Processing Systems},
  year={2021}
}

@article{Mathieu2015DeepMV,
  title={Deep multi-scale video prediction beyond mean square error},
  author={Micha{\"e}l Mathieu and Camille Couprie and Yann LeCun},
  journal={CoRR},
  year={2015},
  volume={abs/1511.05440}
}

@article{Babaeizadeh2017StochasticVV,
  title={Stochastic Variational Video Prediction},
  author={Mohammad Babaeizadeh and Chelsea Finn and D. Erhan and Roy H. Campbell and Sergey Levine},
  journal={ArXiv},
  year={2017},
  volume={abs/1710.11252}
}